<record><leader>00000cas a22000007a 4500</leader><controlfield tag="001">14474289</controlfield><controlfield tag="008">861022d19091913wiucr ne      0    0eng d</controlfield><datafield ind1=" " ind2=" " tag="010"><subfield code="a">sn 86086730 </subfield></datafield><datafield ind1=" " ind2=" " tag="040"><subfield code="a">NPV</subfield><subfield code="b">eng</subfield><subfield code="c">NPV</subfield><subfield code="d">OCLCQ</subfield></datafield><datafield ind1=" " ind2=" " tag="042"><subfield code="a">msc</subfield></datafield><datafield ind1="0" ind2="4" tag="245"><subfield code="a">The Daily eagle-star and weekly eagle-star.</subfield></datafield><datafield ind1=" " ind2=" " tag="260"><subfield code="a">Marinette, Wis. :</subfield><subfield code="b">Eagle Print. Co.,</subfield><subfield code="c">1909-1913.</subfield></datafield><datafield ind1=" " ind2=" " tag="300"><subfield code="a">v.</subfield></datafield><datafield ind1=" " ind2=" " tag="310"><subfield code="a">Semiweekly</subfield></datafield><datafield ind1="0" ind2=" " tag="362"><subfield code="a">Vol. 17 (Mar. 2, 1909)-v. 22 (Aug. 26, 1913) = v. 38-v.43.</subfield></datafield><datafield ind1=" " ind2=" " tag="515"><subfield code="a">Volume and numbering varies.</subfield></datafield><datafield ind1=" " ind2=" " tag="752"><subfield code="a">United States</subfield><subfield code="b">Wisconsin</subfield><subfield code="c">Marinette</subfield><subfield code="d">Marinette.</subfield></datafield><datafield ind1="0" ind2=" " tag="775"><subfield code="t">Daily eagle-star</subfield><subfield code="w">(DLC)sn 86086729</subfield><subfield code="w">(OCoLC)14474001</subfield></datafield><datafield ind1="0" ind2="0" tag="785"><subfield code="t">Marinette eagle-star and twice-a-week eagle-star</subfield><subfield code="w">(DLC)sn 86086731</subfield><subfield code="w">(OCoLC)14475881</subfield></datafield></record>